@article{Ii2011,
    title = {{3. L{\'{i}}pidos}},
    year = {2011},
    author = {Ii, Semestre},
    number = {1000042}
}

@phdthesis{Sa5,
    title = {{a}},
    year = {2016},
    author = {S{\'{a}}nchez, Yuly E.},
    isbn = {t},
    doi = {f},
    issn = {f},
    arxivId = {t}
}

@book{Reichl,
    title = {{A Modern Course in Statistical Physics}},
    year = {2016},
    author = {Reichl, Linda E.},
    pages = {486},
    isbn = {9783527413492}
}

@article{Cabrera2017,
    title = {{A Preliminary Normal Mode Analysis of a Sugar Transporter vSGLT}},
    year = {2017},
    journal = {Biophysical Journal},
    author = {Cabrera, John E. and Blanco, Claudia A. and S{\'{a}}nchez, Yuly E.},
    number = {3},
    pages = {290a-291a},
    volume = {112},
    url = {http://linkinghub.elsevier.com/retrieve/pii/S0006349516326054},
    doi = {10.1016/j.bpj.2016.11.1575},
    issn = {00063495}
}

@misc{Amber2016,
    title = {{Amber 2016 Reference Manual}},
    year = {2016},
    author = {Cerutti, D.S. and Case, D.A. and Cheatham, T.E. and {III} and Darden, T.A. and Duke, R.E. and Giese, T.J. and Gohlke, H. and Goetz, A.W. and Greene, D. and Homeyer, N. and Izadi, S. and Kovalenko, A. and Lee, T.S. and LeGrand, S. and Li, P. and Lin, C. and Liu, J. and Luchko, T. and Luo, R. and Mermelstein, D. and Merz, K.M. and Monard, G. and Nguyen, H. and Omelyan, I. and Onufriev, A. and Pan, F. and Qi, R. and Roe, D.R. and Roitberg, A. and Sagui, C. and Simmerling, C.L. and Botello-Smith, W.M. and Swails, J. and Walker, R.C. and Wang, J. and Wolf, R.M. and Wu, X. and Xiao, L. and York, D.M. and Kollman, P.A.},
    url = {http://ambermd.org/}
}

@article{Biomolecula,
    title = {{An{\'{a}}lisis de Modos Normales en}},
    author = {Biomol{\'{e}}cula, Una and Erick, John and Ramirez, Cabrera}
}

@article{Atilgan2001,
    title = {{Anisotropy of fluctuation dynamics of proteins with an elastic network model.}},
    year = {2001},
    journal = {Biophysical journal},
    author = {Atilgan, A R and Durell, S R and Jernigan, R L and Demirel, M C and Keskin, O and Bahar, I},
    number = {1},
    pages = {505--515},
    volume = {80},
    publisher = {Elsevier},
    url = {http://www.pubmedcentral.nih.gov/articlerender.fcgi?artid=1301252&tool=pmcentrez&rendertype=abstract},
    isbn = {3014024724},
    doi = {10.1016/S0006-3495(01)76033-X},
    issn = {00063495},
    pmid = {11159421},
    keywords = {Anisotropy, Binding Sites, Biophysical Phenomena, Biophysics, Crystallography, Elasticity, Models, Molecular, Protein Binding, Protein Conformation, Proteins, Proteins: chemistry, Retinol-Binding Proteins, Retinol-Binding Proteins: chemistry, Thermodynamics, X-Ray}
}

@misc{Zdravkovic2012,
    title = {{Atomistic models of ion and solute transport by the sodium-dependent secondary active transporters}},
    year = {2012},
    booktitle = {Biochimica et Biophysica Acta - Biomembranes},
    author = {Zdravkovic, Igor and Zhao, Chunfeng and Lev, Bogdan and Cuervo, Javier Eduardo and Noskov, Sergei Yu.},
    number = {2},
    pages = {337--347},
    volume = {1818},
    doi = {10.1016/j.bbamem.2011.10.031},
    issn = {00052736},
    pmid = {22138368},
    keywords = {Ion selectivity, Molecular mechanism, Secondary transporter, Substrate specificity, Water permeation}
}

@book{Kuchel,
    title = {{Biochemistry}},
    year = {2009},
    author = {Kuchel, Philip W. and Easterbrook-Smith, Simon B. and Gysbers, Vanessa and Guss, J. Mitchell and Hancock, Dale P.},
    isbn = {9780071641043}
}

@article{Curtis2008,
    title = {{Biolog{\'{i}}a}},
    year = {2008},
    author = {Curtis, Helena and Barnes, Sue and Schnek, Adriana},
    pages = {857},
    isbn = {978-950-0334-8}
}

@misc{Purcell2007,
    title = {{C{\'{a}}lculo}},
    year = {2007},
    author = {Purcell, Edwin J. and Varberg, Dale and Rigdon, Steven E.},
    pages = {872}
}

@article{Apostol1969,
    title = {{CALCULUS - Volume II, Multi Variable Calculus and Linear Algebra, with Applications to Differential Equations and Probability}},
    year = {1969},
    author = {Apostol, Tom M.},
    pages = {696},
    volume = {2},
    isbn = {0471000078}
}

@article{Nagendra2011,
    title = {{Carotenoid-Related Alteration of Cell Membrane Fluidity Impacts Staphylococcus aureus Susceptibility to Host Defense Peptides}},
    year = {2011},
    journal = {Antimicrobial Agents and Chemotherapy},
    author = {Mishra, Nagendra N and Liu, George Y and Yeaman, Michael R and Nast, Cynthia C and Proctor, Richard A and Mckinnell, James and Bayer, Arnold S},
    number = {2},
    pages = {526--531},
    volume = {55},
    url = {http://aac.asm.org/content/55/2/526.full.pdf},
    doi = {10.1128/AAC.00680-10}
}

@article{Coli,
    title = {{Cell-Size Control and Homeostasis in Bacteria}},
    author = {Coli, E}
}

@phdthesis{Unknown,
    title = {{Changes in lipid composition during biofilm formation of S. aureus and implications in susceptibility to antimicrobial peptides.}},
    booktitle = {ثبثبثب},
    author = {Perez, M.I and Trier, S and Bernal, A and Herrfurth, C and Feussner, I and Chad, Leidy},
    number = {ثق ثقثقثق},
    pages = {ثقثقثقثق},
    volume = {ث ققثق}
}

@article{Brooks2009,
    title = {{CHARMM: The biomolecular simulation program}},
    year = {2009},
    journal = {Journal of Computational Chemistry},
    author = {Brooks, B. R. and Brooks, C. L. and Mackerell, A. D. and Nilsson, L. and Petrella, R. J. and Roux, B. and Won, Y. and Archontis, G. and Bartels, C. and Boresch, S. and Caflisch, A. and Caves, L. and Cui, Q. and Dinner, A. R. and Feig, M. and Fischer, S. and Gao, J. and Hodoscek, M. and Im, W. and Kuczera, K. and Lazaridis, T. and Ma, J. and Ovchinnikov, V. and Paci, E. and Pastor, R. W. and Post, C. B. and Pu, J. Z. and Schaefer, M. and Tidor, B. and Venable, R. M. and Woodcock, H. L. and Wu, X. and Yang, W. and York, D. M. and Karplus, M.},
    number = {10},
    month = {7},
    pages = {1545--1614},
    volume = {30},
    publisher = {Wiley Subscription Services, Inc., A Wiley Company},
    url = {http://doi.wiley.com/10.1002/jcc.21287},
    isbn = {9780123812681},
    doi = {10.1002/jcc.21287},
    issn = {1096987X},
    pmid = {19444816},
    arxivId = {NIHMS150003},
    keywords = {Biomolecular simulation, Biophysical computation, CHARMM program, Energy function, Molecular dynamics, Molecular mechanics, Molecular modeling}
}

@book{Jackson,
    title = {{Classical Electrodynamics}},
    booktitle = {Library},
    author = {Jackson, John David}
}

@book{Goldstein2001,
    title = {{Classical Mechanics}},
    year = {2001},
    author = {Goldstein, Herbert and Poole, Charles P. and Safko, John},
    editor = {{Pearson Education Ltd.}},
    edition = {3},
    number = {1},
    pages = {238--271},
    volume = {1},
    publisher = {Adison Wesley, Pearson},
    isbn = {978-0201657029},
    doi = {10.1017/CBO9781107415324.004},
    issn = {16130073},
    pmid = {25246403},
    arxivId = {arXiv:1011.1669v3}
}

@article{Brown1996,
    title = {{Complex variables and applications}},
    year = {1996},
    author = {Brown, James Ward and Churchill, Ruel Vance},
    pages = {386},
    url = {http://books.google.com/books?id=RCzvAAAAMAAJ&pgis=1},
    isbn = {0079121462}
}

@article{Reference2014,
    title = {{Correction: Exploring the Conformational Transitions of Biomolecular Systems Using a Simple Two-State Anisotropic Network Model}},
    year = {2014},
    journal = {PLoS Comput Biol},
    author = {Reference, 1 and Das, A and Gur, M and Cheng, Mh and Jo, S and Bahar, I},
    number = {10810},
    volume = {10},
    doi = {10.1371/journal.pcbi.1003868}
}

@article{Zill2009,
    title = {{Differential Equations with Boundary-Value Problems}},
    year = {2009},
    author = {Zill, D G and Cullen, M R},
    pages = {613},
    isbn = {978495108368},
    doi = {10.1017/CBO9781107415324.004},
    issn = {1098-6596},
    pmid = {25246403},
    arxivId = {arXiv:1011.1669v3}
}

@article{Pavone1996,
    title = {{Discovering protein secondary structures: Classification and description of isolated {$\alpha$}-turns}},
    year = {1996},
    journal = {Biopolymers},
    author = {Pavone, V. and Gaeta, G. and Lombardi, A. and Nastri, F. and Maglio, O. and Isernia, C. and Saviano, M.},
    number = {6},
    pages = {705--721},
    volume = {38},
    isbn = {1097-0282},
    doi = {10.1002/(SICI)1097-0282(199606)38:6<705::AID-BIP3>3.0.CO;2-V},
    issn = {00063525},
    pmid = {8652792}
}

@article{Lezon2009,
    title = {{Elastic Network Models For Biomolecular Dynamics: Theory and Application to Membrane Proteins and Viruses}},
    year = {2009},
    journal = {Handbook on Biological Networks},
    author = {Lezon, Timothy R. and Shrivastava, Indira H. and Yang, Zheng and Bahar, Ivet},
    pages = {129--158},
    url = {papers2://publication/uuid/9B230FBB-A40F-4630-9421-7FF883030646}
}

@book{ARMITAGE2006,
    title = {{Elliptic Functions}},
    year = {2006},
    author = {ARMITAGE, J. V. and EBERLEIN, W. F.},
    isbn = {9780521780780},
    doi = {10.1017/CBO9780511617867}
}

@article{Sethna2006,
    title = {{Entropy, order parameters, and complexity}},
    year = {2006},
    journal = {Statistical Mechanics, Laboratory of Atomic and Solid State Physics, Cornell University, Ithaca, NY},
    author = {Sethna, James P.},
    pages = {105--113},
    url = {http://nozdr.ru/data/media/biblioteka/kolxo3/P_Physics/PT_Thermodynamics, statistical physics/Sethna J.P. Statistical mechanics.. Entropy, order parameters, and complexity (draft, OUP, 2006)(ISBN 0198566778)(O)(371s)_PT_.pdf%0Ahttp://pages.physics.cornell}
}

@article{Amadei1993,
    title = {{Essential dynamics of proteins}},
    year = {1993},
    journal = {Proteins: Structure, Function, and Genetics},
    author = {Amadei, Andrea and Linssen, Antonius B. M. and Berendsen, Herman J. C.},
    number = {4},
    month = {12},
    pages = {412--425},
    volume = {17},
    url = {http://doi.wiley.com/10.1002/prot.340170408},
    isbn = {0887-3585 (Print){\textbackslash}n0887-3585 (Linking)},
    doi = {10.1002/prot.340170408},
    issn = {0887-3585},
    pmid = {8108382},
    keywords = {constraint dynam-, ics, lysozyme, molecular dynamics, normal modes}
}

@misc{Freund,
    title = {{Estad{\'{i}}stica matem{\'{a}}tica con aplicaciones.pdf}},
    author = {Freund, John E},
    isbn = {9701703898}
}

@book{Anderson2008,
    title = {{Estad{\'{i}}stica para Administraci{\'{o}}n y Econom{\'{i}}a}},
    year = {2008},
    author = {Anderson, David R. and Sweeney, Dennis J. and Williams, Thomas a.},
    pages = {1091},
    isbn = {9786074813197}
}

@article{Das2014,
    title = {{Exploring the Conformational Transitions of Biomolecular Systems Using a Simple Two-State Anisotropic Network Model}},
    year = {2014},
    journal = {PLoS Computational Biology},
    author = {Das, Avisek and Gur, Mert and Cheng, Mary Hongying and Jo, Sunhwan and Bahar, Ivet and Roux, Benoît},
    isbn = {1553-7358},
    doi = {10.1371/journal.pcbi.1003521},
    issn = {15537358},
    pmid = {24699246}
}

@article{Suesca2013,
    title = {{Exploring the Local Elastic Properties of Bilayer Membranes Using Molecular Dynamics Simulations}},
    year = {2013},
    journal = {Nature Communications},
    author = {Rey Su{\'{a}}rez, Iván and Leidy, Chad and T{\'{e}}llez, Gabriel and Gay, Guillaume and Gonzalez-Mancera, Andres and Suesca, Elizabeth and Alejo, Jose Luis and Bola{\~{n}}os, Natalia I. and Ocampo, Jackson and Leidy, Chad and Gonz{\'{a}}lez, John M. and Mar{\'{i}}n-Medina, Nathaly and Ram{\'{i}}rez, Diego Alejandro and Trier, Steve and Leidy, Chad and Avenda{\~{n}}o, Maier S. and Leidy, Chad and Pedraza, Juan M. and Pieffet, Gilles and Botero, Alonso and Peters, Günther H. and Forero-Shelton, Manu and Leidy, Chad},
    number = {7},
    pages = {12883--12891},
    volume = {4},
    isbn = {2041-1723 (Electronic){\textbackslash}n2041-1723 (Linking)},
    doi = {10.1007/s00253-016-7975-9},
    issn = {19326203},
    pmid = {25325715},
    keywords = {Antimicrobial peptides, Astrocytes, Brain inflammation, Lipid membranes, Mechanical properties, Myelin lipids, Resistant bacteria}
}

@article{RodriguezPorca,
    title = {{FORMULACI{\'{O}}N Y NOMENCLATURA QU{\'{I}}MICA INORG{\'{A}}NICA}},
    author = {Rodr{\'{i}}guez Porca, Pedro L}
}

@article{Scafoglio2015,
    title = {{Functional expression of sodium-glucose transporters in cancer.}},
    year = {2015},
    journal = {Proceedings of the National Academy of Sciences of the United States of America},
    author = {Scafoglio, Claudio and Hirayama, Bruce A and Kepe, Vladimir and Liu, Jie and Ghezzi, Chiara and Satyamurthy, Nagichettiar and Moatamed, Neda A and Huang, Jiaoti and Koepsell, Hermann and Barrio, Jorge R and Wright, Ernest M},
    number = {30},
    pages = {4111--9},
    volume = {112},
    url = {http://www.pnas.org/content/112/30/E4111.short},
    isbn = {0027-8424, 1091-6490},
    doi = {10.1073/pnas.1511698112},
    issn = {1091-6490},
    pmid = {26170283},
    keywords = {Adenocarcinoma, Adenocarcinoma: metabolism, Animals, Biological Transport, Female, Fluorine Radioisotopes, Fluorine Radioisotopes: chemistry, Gene Expression Profiling, Gene Expression Regulation, Neoplastic, Glucose Transport Proteins, Facilitative, Glucose Transport Proteins, Facilitative: metaboli, Glucosides, Glucosides: chemistry, Humans, Immunohistochemistry, Kidney, Kidney: metabolism, Male, Mice, Necrosis, Neoplasm Transplantation, Pancreatic Neoplasms, Pancreatic Neoplasms: drug therapy, Pancreatic Neoplasms: metabolism, Positron-Emission Tomography, Prostatic Neoplasms, Prostatic Neoplasms: drug therapy, Prostatic Neoplasms: metabolism, Sodium-Glucose Transporter 2, Sodium-Glucose Transporter 2: antagonists {\&} inhibi, Sodium-Glucose Transporter 2: metabolism}
}

@book{Jenkins1976,
    title = {{Fundamental of Optics: 4th Edition}},
    year = {1976},
    booktitle = {McGraw-Hill Primis Custom Publishing},
    author = {Jenkins, Francis A. and White, Harvey E.},
    number = {1},
    pages = {28--28},
    volume = {97},
    isbn = {0072561912},
    doi = {10.1002/ardp.18460970109},
    issn = {15214184},
    pmid = {20506873}
}

@article{Gur2013,
    title = {{Global motions exhibited by proteins in micro- to milliseconds simulations concur with anisotropic network model predictions.}},
    year = {2013},
    journal = {The Journal of chemical physics},
    author = {Gur, M and Zomot, E and Bahar, I},
    number = {12},
    month = {9},
    pages = {121912},
    volume = {139},
    url = {http://www.pubmedcentral.nih.gov/articlerender.fcgi?artid=3739829&tool=pmcentrez&rendertype=abstract},
    doi = {10.1063/1.4816375},
    issn = {1089-7690},
    pmid = {24089724},
    keywords = {Algorithms, Amino Acid Transport Systems, Amino Acid Transport Systems: chemistry, Amino Acid Transport Systems: metabolism, Animals, Anisotropy, Aprotinin, Aprotinin: chemistry, Aprotinin: metabolism, Aspartic Acid, Aspartic Acid: chemistry, Aspartic Acid: metabolism, Cattle, Chemical, Kinetics, Lipid Bilayers, Lipid Bilayers: chemistry, Models, Molecular, Molecular Dynamics Simulation, Principal Component Analysis, Time Factors, Water, Water: chemistry}
}

@misc{Weinberg1973,
    title = {{Gravitation and Cosmology: Principles and Applications of the General Theory of Relativity}},
    year = {1973},
    booktitle = {American Journal of Physics},
    author = {Weinberg, Steven},
    number = {4},
    pages = {598},
    volume = {41},
    url = {http://link.aip.org/link/?AJP/41/598/1&Agg=doi%5Cnhttp://scitation.aip.org/content/aapt/journal/ajp/41/4/10.1119/1.1987308},
    isbn = {0471925675},
    doi = {10.1119/1.1987308},
    issn = {00029505}
}

@book{Including,
    title = {{Including Ouan tum Effectss}},
    author = {Including, Introduction},
    isbn = {9812388079}
}

@book{N.W.AshcroftN.D.Mermin1976,
    title = {{Introduction to Solid State Physics}},
    year = {2005},
    author = {Kittel, Charles and McEuen, Paul},
    edition = {8},
    pages = {701},
    publisher = {John Wiley {\&} Sons, Inc},
    isbn = {0-03-083993-9},
    doi = {10.1088/0031-9112/8/9/012}
}

@misc{HaraldJ.W.Muller-Kirsten2010,
    title = {{Introduction to Supersymmetry.pdf}},
    year = {2010},
    author = {Harald J. W. Muller-Kirsten, Armin Wiedemann}
}

@misc{HaraldJ.W.Muller-Kirsten2010a,
    title = {{Introduction to Supersymmetry.pdf}},
    year = {2010},
    author = {Harald J. W. Muller-Kirsten, Armin Wiedemann}
}

@article{Li2009,
    title = {{Ion-releasing state of a secondary membrane transporter}},
    year = {2009},
    journal = {Biophysical Journal},
    author = {Li, Jing and Tajkhorshid, Emad},
    number = {11},
    volume = {97},
    isbn = {1542-0086 (Electronic){\textbackslash}r0006-3495 (Linking)},
    doi = {10.1016/j.bpj.2009.09.005},
    issn = {00063495},
    pmid = {19948113}
}

@article{Tirion1996,
    title = {{Large Amplitude Elastic Motions in Proteins from a Single-Parameter, Atomic Analysis.}},
    year = {1996},
    journal = {Physical review letters},
    author = {Tirion, Monique M.},
    number = {9},
    month = {8},
    pages = {1905--1908},
    volume = {77},
    url = {http://link.aps.org/doi/10.1103/PhysRevLett.77.1905 http://www.ncbi.nlm.nih.gov/pubmed/10063201},
    isbn = {1079-7114 (Electronic){\textbackslash}r0031-9007 (Linking)},
    doi = {10.1103/PhysRevLett.77.1905},
    issn = {1079-7114},
    pmid = {10063201}
}

@book{Nelson2011,
    title = {{Lehninger Principles of Biochemistry}},
    year = {2011},
    booktitle = {Lheninger Principles of Biochemistry},
    author = {Nelson, David L. and Cox, Michael M.},
    edition = {4},
    month = {8},
    publisher = {Freeman, W. H. {\&} Company},
    isbn = {0716770490},
    issn = {1672-0415},
    pmid = {21826599}
}

@article{Matsumoto2006,
    title = {{Lipid domains in bacterial membranes}},
    year = {2006},
    journal = {Molecular Microbiology},
    author = {Matsumoto, Kouji and Kusaka, Jin and Nishibori, Ayako and Hara, Hiroshi},
    number = {5},
    pages = {1110--1117},
    volume = {61},
    doi = {10.1111/j.1365-2958.2006.05317.x},
    issn = {0950382X}
}

@book{1HarpavatS.NissimS.LipppincottsMicrocards:MicrobiologyFlashCards2012.,
    title = {{Lipppincott's Microcards: Microbiology Flash Cards}},
    year = {2012},
    author = {Harpavat, Sanjiv and Nissim, Sahar},
    edition = {3},
    pages = {308},
    publisher = {Lippincott Williams {\&} Wilkins},
    isbn = {9781451112191}
}

@book{Personales1983,
    title = {{L{\'{o}}gica UNAD}},
    year = {1983},
    author = {Banh, Robert S and Iorio, Caterina and Marcotte, Richard and Xu, Yang and Cojocari, Dan and Abdel, Anas and Pawling, Judy and Hitomi, Toshiaki and Habu, Toshiyuki and Koizumi, Akio and Wilkins, Sarah E and Schofield, J and Dennis, James W and Wouters, Bradly G and Neel, Benjamin G and Personales, Datos and Profesional, Perfil and Matematico, Pensamiento Logico},
    pages = {2009--2011}
}

@misc{R.Courant1999,
    title = {{Matematicas - Introducci{\'{o}}n al c{\'{a}}lculo y al an{\'{a}}lisis matem{\'{a}}tico Vol.2}},
    year = {1999},
    author = {R. Courant, F. John}
}

@article{Features,
    title = {{MAVEN : Motion Analysis and Visualization of Elastic Networks and Structure Ensembles Version 1 . 1 User ’ s Manual Contents :}},
    author = {Features, Major and Overview, Interface and Generation, Model and Files, Prepare},
    pages = {1--30}
}

@article{Zimmermann2011,
    title = {{MAVENs: motion analysis and visualization of elastic networks and structural ensembles.}},
    year = {2011},
    journal = {BMC bioinformatics},
    author = {Zimmermann, Michael T and Kloczkowski, Andrzej and Jernigan, Robert L},
    number = {1},
    pages = {264},
    volume = {12},
    url = {http://www.biomedcentral.com/1471-2105/12/264},
    isbn = {1471-2105 (Electronic){\textbackslash}n1471-2105 (Linking)},
    doi = {10.1186/1471-2105-12-264},
    issn = {1471-2105},
    pmid = {21711533}
}

@article{Torrente,
    title = {{Mechanisms of PDGFRalpha promiscuity and PDGFRbeta specificity in association with PDGFB}},
    year = {2015},
    journal = {Frontiers in Bioscience - Elite},
    author = {Torrente, Daniel and Cabezas, Ricardo and Avila, Marcos and Sanchez, Yuly and Morales, Ludis and Ashraf, Ghulam Md and Barreto, George E and Gonzalez, Janneth and Aliev, Gjumrakch},
    number = {3},
    pages = {434--446},
    volume = {7E},
    url = {http://www.scopus.com/inward/record.url?eid=2-s2.0-84931271175&partnerID=tZOtx3y1},
    issn = {19450508},
    keywords = {Molecular modeling, PDGFRalpha, PDGFRbeta, Promiscuity, Specificity}
}

@book{Unknowna,
    title = {{Medical Microbiology}},
    year = {2013},
    author = {{Jawetz} and {Melnick} and {Adelberg's}},
    edition = {26},
    pages = {878},
    publisher = {McGraw-Hill},
    isbn = {9780071815789}
}

@book{Editor2010,
    title = {{Membrane Protein Structure Determination}},
    year = {2010},
    author = {Lacap{\`{e}}re, Jean-Jacques},
    editor = {Walker, John M.},
    pages = {472},
    volume = {654},
    publisher = {Humana Press},
    url = {http://link.springer.com/10.1007/978-1-60761-762-4},
    address = {Paris},
    isbn = {978-1-60761-761-7},
    doi = {10.1007/978-1-60761-762-4},
    issn = {1940-6029; 1064-3745},
    pmid = {20665265},
    arxivId = {arXiv:1011.1669v3}
}

@article{Bisha2014,
    title = {{Metadynamics simulations reveal a Na+ independent exiting path of galactose for the inward-facing conformation of vSGLT}},
    year = {2014},
    journal = {PLoS computational biology},
    author = {Bisha, Ina and Rodriguez, Alex and Laio, Alessandro and Magistrato, Alessandra},
    editor = {MacKerell, Alexander},
    number = {12},
    month = {12},
    pages = {e1004017},
    volume = {10},
    url = {http://dx.plos.org/10.1371/journal.pcbi.1004017 http://www.ncbi.nlm.nih.gov/pubmed/25522004 http://www.pubmedcentral.nih.gov/articlerender.fcgi?artid=PMC4270436},
    doi = {10.1371/journal.pcbi.1004017},
    issn = {15537358},
    pmid = {25522004}
}

@article{Turk2000,
    title = {{Molecular characterization of Vibrio parahaemolyticus vSGLT. A model for sodium-coupled sugar cotransporters}},
    year = {2000},
    journal = {Journal of Biological Chemistry},
    author = {Turk, E. and Kim, O. and Le Coutre, J. and Whitelegge, J. P. and Eskandari, S. and Lam, J. T. and Kreman, M. and Zampighi, G. and Faull, K. F. and Wright, E. M.},
    number = {33},
    pages = {25711--25716},
    volume = {275},
    isbn = {0021-9258 (Print)},
    doi = {10.1074/jbc.M003127200},
    issn = {00219258},
    pmid = {10835424}
}

@article{Elber1987,
    title = {{Multiple conformational states of proteins: a molecular dynamics analysis of myoglobin}},
    year = {1987},
    journal = {Science},
    author = {Elber, R and Karplus, M},
    number = {4786},
    month = {1},
    pages = {318--321},
    volume = {235},
    url = {http://www.sciencemag.org/cgi/doi/10.1126/science.3798113},
    doi = {10.1126/science.3798113},
    issn = {0036-8075}
}

@article{Ferrandino2016,
    title = {{Na + coordination at the Na2 site of the Na + /I −  symporter}},
    year = {2016},
    journal = {Proceedings of the National Academy of Sciences},
    author = {Ferrandino, Giuseppe and Nicola, Juan Pablo and S{\'{a}}nchez, Yuly E. and Echeverria, Ignacia and Liu, Yunlong and Amzel, L. Mario and Carrasco, Nancy},
    pages = {201607231},
    url = {http://www.pnas.org/lookup/doi/10.1073/pnas.1607231113},
    doi = {10.1073/pnas.1607231113}
}

@article{Dykeman2010,
    title = {{Normal mode analysis and applications in biological physics}},
    year = {2010},
    journal = {J. Phys.: Condens. Matter},
    author = {Dykeman, Eric C and Sankey, Otto F},
    number = {22},
    pages = {423202--26},
    volume = {22},
    url = {http://iopscience.iop.org/0953-8984/22/42/423202},
    doi = {10.1088/0953-8984/22/42/423202}
}

@article{Ramon,
    title = {{Normal Mode Analysis Techniques in Structural Biology}},
    year = {2014},
    author = {L{\'{o}}pez-Blanco, Jos\'{e} Ram\'{o}n and Miyashita, Osamu and Tama, Florence and Chac{\'{o}}n, Pablo},
    doi = {10.1002/9780470015902.a0020204.pub2}
}

@book{Cui2006,
    title = {{Normal Mode Analysis Theory and Applications}},
    year = {2006},
    booktitle = {Biomedical Engineering},
    author = {Cui, Quiang and Bahar, Ivet},
    pages = {448},
    isbn = {9781584884729}
}

@article{Ben-Avraham1998,
    title = {{Normal modes analyses of macromolecules}},
    year = {1998},
    journal = {Physica A: Statistical Mechanics and its Applications},
    author = {Ben-Avraham, Daniel and Tirion, Monique M.},
    number = {1–4},
    pages = {415--423},
    volume = {249},
    url = {http://www.sciencedirect.com/science/article/pii/S0378437197005013%5Cnhttp://www.sciencedirect.com/science?_ob=MiamiImageURL&_cid=271529&_user=4222506&_pii=S0378437197005013&_check=y&_origin=article&_zone=toolbar&_coverDate=02-Jan-1998&view=c&originConten},
    doi = {10.1016/S0378-4371(97)00501-3},
    issn = {0378-4371}
}

@article{Hayward2008,
    title = {{Normal modes and essential dynamics}},
    year = {2008},
    journal = {Methods in Molecular Biology},
    author = {Hayward, Steven and de Groot, Bert L.},
    pages = {89--106},
    volume = {443},
    isbn = {9781588298645},
    doi = {10.1007/978-1-59745-177-2-5},
    issn = {10643745},
    pmid = {18446283},
    keywords = {Collective protein dynamics, Conformational flooding, Conformational sampling, Elastic network, Principal component analysis}
}

@article{Downes2010,
    title = {{Optical Spectroscopy for Noninvasive Monitoring of Stem Cell Differentiation}},
    year = {2010},
    journal = {Journal of Biomedicine and Biotechnology},
    author = {Downes, Andrew and Mouras, Rabah and Elfick, Alistair},
    number = {February},
    pages = {1--10},
    volume = {2010},
    doi = {10.1155/2010/101864},
    issn = {1110-7243}
}

@book{Hecht2002,
    title = {{Optics}},
    year = {2002},
    author = {Hecht, Eugenge},
    publisher = {Addison Wesley},
    url = {www.aw.com/physics}
}

@article{Esta2009,
    title = {{Para los que no pasaron en ex{\'{a}}menes pasados y para los que no pasaran nunca a la UNAL :}},
    year = {2009},
    author = {Esta, Y a and El, Disponible and Octubre, Examen D E}
}

@article{Palma2015,
    title = {{PE and PS Lipids Synergistically Enhance Membrane Poration by a Peptide with Anticancer Properties}},
    year = {2015},
    journal = {Biophysical Journal},
    author = {Palma, Mario Sergio and Beales, Paul A. and Neto, João Ruggiero and Connell, Simon D. and Leite, Natália Bueno and Aufderhorst-Roberts, Anders},
    number = {5},
    pages = {936--947},
    volume = {109},
    doi = {10.1016/j.bpj.2015.07.033},
    issn = {00063495}
}

@book{Serway1988,
    title = {{Physics for Scientists and Engineers with Modern Physics}},
    year = {1988},
    booktitle = {The Physics Teacher},
    author = {Serway, Raymond a. and Kirkpatrick, Larry D.},
    number = {4},
    pages = {254},
    volume = {26},
    isbn = {9781439048443},
    doi = {10.1119/1.2342517},
    issn = {0031921X},
    pmid = {2361517}
}

@article{Lipkin2004,
    title = {{Physics of Debye-Waller Factors}},
    year = {2004},
    author = {Lipkin, Harry J},
    arxivId = {arXiv:cond-mat/0405023v1},
    archivePrefix = {arXiv},
    eprint = {0405023v1},
    primaryClass = {cond-mat}
}

@article{Cuantica2015,
    title = {{PRINCIPfOS DE MECANICA CUANTICA}},
    year = {2015},
    author = {Cuantica, Principfos D E Mecanica},
    number = {2007},
    pages = {1--12},
    volume = {40}
}

@book{Lakowicz2006,
    title = {{Principles of fluorescence spectroscopy}},
    year = {2006},
    booktitle = {Principles of Fluorescence Spectroscopy},
    author = {Lakowicz, Joseph R},
    pages = {1--954},
    isbn = {0387312781},
    doi = {10.1007/978-0-387-46312-4},
    issn = {00032697},
    pmid = {7633532},
    arxivId = {arXiv:1011.1669v3}
}

@article{Gas2004,
    title = {{PV = nRT}},
    year = {2004},
    author = {Gas, Technical Reference},
    pages = {1--6}
}

@article{KelliNicoleKazmier2013,
    title = {{Revealing the Mechanistic Diversity of the LeuT Fold: A Comparative Analysis of the Leucine Transporter and the Hydantoin Transporter using Electron Paramagnetic Resonance Spectroscopy}},
    year = {2013},
    author = {Kelli Nicole Kazmier, By and Cobb, Charles E and Blakely, Randy D and Borden Lacy, D and Meiler, Jens}
}

@article{Hamilton2013,
    title = {{Robert K. Crane-Na+-glucose cotransporter to cure?}},
    year = {2013},
    journal = {Frontiers in Physiology},
    author = {Hamilton, Kirk L.},
    number = {March},
    pages = {1--5},
    volume = {4 MAR},
    doi = {10.3389/fphys.2013.00053},
    issn = {1664042X},
    pmid = {23525627},
    keywords = {Cholera, Diarrhea, Oral rehydration therapy, SGLT1, Sodium-glucose cotransporter}
}

@article{Andreeva2014,
    title = {{SCOP2 prototype: A new approach to protein structure mining}},
    year = {2014},
    journal = {Nucleic Acids Research},
    author = {Andreeva, Antonina and Howorth, Dave and Chothia, Cyrus and Kulesha, Eugene and Murzin, Alexey G.},
    number = {D1},
    volume = {42},
    isbn = {1362-4962 (Electronic){\textbackslash}r0305-1048 (Linking)},
    doi = {10.1093/nar/gkt1242},
    issn = {03051048},
    pmid = {24293656}
}

@article{Hubbard1999,
    title = {{SCOP: A structural classification of proteins database}},
    year = {1999},
    journal = {Nucleic Acids Research},
    author = {Hubbard, Tim J P and Ailey, Bart and Brenner, Steven E. and Murzin, Alexey G. and Chothia, Cyrus},
    number = {1},
    pages = {254--256},
    volume = {27},
    isbn = {0305-1048 (Print){\textbackslash}r0305-1048 (Linking)},
    doi = {10.1093/nar/27.1.254},
    issn = {03051048},
    pmid = {9847194},
    arxivId = {arXiv:0912.3967v1},
    keywords = {evolutionary, folds, protein families, superfamilies}
}

@article{Bhutia2016,
    title = {{SLC transporters as a novel class of tumour suppressors: identity, function and molecular mechanisms}},
    year = {2016},
    journal = {Biochemical Journal},
    author = {Bhutia, Yangzom D and Babu, Ellappan and Ramachandran, Sabarish and Yang, Shengping and Thangaraju, Muthusamy and Ganapathy, Vadivel},
    number = {9},
    month = {5},
    pages = {1113--1124},
    volume = {473},
    url = {http://biochemj.org/cgi/doi/10.1042/BJ20150751},
    doi = {10.1042/BJ20150751},
    issn = {0264-6021},
    pmid = {27118869},
    keywords = {citrate metabolism, hdac, histone deacetylases, inhibition, ph regulation, slc transporters, tumour suppressors}
}

@article{Adelman2016,
    title = {{Stochastic steps in secondary active sugar transport}},
    year = {2016},
    journal = {Proceedings of the National Academy of Sciences},
    author = {Adelman, Joshua L and Ghezzi, Chiara and Bisignano, Paola and Loo, Donald D F and Choe, Seungho and Abramson, Jeff and Rosenberg, John M and Wright, Ernest M and Grabe, Michael},
    number = {27},
    month = {7},
    pages = {E3960-E3966},
    volume = {113},
    url = {http://www.pnas.org/content/113/27/E3960.abstract http://www.pnas.org/lookup/doi/10.1073/pnas.1525378113},
    doi = {10.1073/pnas.1525378113},
    issn = {0027-8424}
}

@article{Karpowich2008,
    title = {{STRUCTURAL BIOLOGY: Symmetric Transporters for Asymmetric Transport}},
    year = {2008},
    journal = {Science},
    author = {Karpowich, N. K. and Wang, D.-N.},
    number = {5890},
    pages = {781--782},
    volume = {321},
    url = {http://www.sciencemag.org/cgi/doi/10.1126/science.1161495},
    doi = {10.1126/science.1161495},
    issn = {0036-8075}
}

@article{Adelman2014,
    title = {{Structural determinants of water permeation through the sodium-galactose transporter vSGLT}},
    year = {2014},
    journal = {Biophysical Journal},
    author = {Adelman, Joshua L. and Sheng, Ying and Choe, Seungho and Abramson, Jeff and Wright, Ernest M. and Rosenberg, John M. and Grabe, Michael},
    isbn = {0006-3495},
    doi = {10.1016/j.bpj.2014.01.006},
    issn = {15420086},
    pmid = {24655503}
}

@article{Lovell2003,
    title = {{Structure validation by C alpha geometry: phi,psi and C beta deviation}},
    year = {2003},
    journal = {Proteins-Structure Function and Genetics},
    author = {Lovell, Simon C and Davis, Ian W and Adrendall, W B and de Bakker, P I W and Word, J Michael and Prisant, Michael G and Richardson, J S and Richardson, David C},
    number = {August 2002},
    pages = {437--450},
    volume = {50},
    url = {http://onlinelibrary.wiley.com/store/10.1002/prot.10286/asset/10286_ftp.pdf?v=1&t=gwhx9jy0&s=b3b0f129a5acf7f4513aea04d22aad7ee4f4a89d},
    isbn = {0887-3585},
    doi = {10.1002/prot.10286},
    issn = {1097-0134},
    pmid = {12557186},
    keywords = {3D protein structure, Biochemistry {\&} Molecular Biology, Biophysics, CRYSTAL-STRUCTURE, FOLDED CONFORMATION, PEPTIDES, POLYPEPTIDE BACKBONE, PROTEIN STRUCTURES, REFINEMENT, RESOLUTION, Ramachandran plot, SIDE-CHAIN, SITES, STRAIN, all-atom contact analysis, bond-angle deviations, gamma-turn, strained conformations}
}

@phdthesis{Huang2007,
    title = {{Study of Mining Protein Structural Properties and its Application}},
    year = {2007},
    author = {Huang, Yu-Feng and Huang, Chien-Kang},
    pages = {82},
    school = {National Taiwan University}
}

@article{Ramirez,
    title = {{Taller 2-Matem{\'{a}}ticas II}},
    author = {Ram{\'{i}}rez, Sara and Sean, I}
}

@article{Meylan2018,
    title = {{Targeting Antibiotic Tolerance, Pathogen by Pathogen}},
    year = {2018},
    journal = {Cell},
    author = {Meylan, Sylvain and Andrews, Ian W. and Collins, James J.},
    number = {6},
    pages = {1228--1238},
    volume = {172},
    publisher = {Elsevier Inc.},
    url = {https://doi.org/10.1016/j.cell.2018.01.037},
    isbn = {00928674 (ISSN)},
    doi = {10.1016/j.cell.2018.01.037},
    issn = {10974172},
    pmid = {29522744}
}

@article{Maris1978,
    title = {{Teaching the renormalization group}},
    year = {1978},
    journal = {American Journal of Physics},
    author = {Maris, Humphrey J. and Kadanoff, Leo P.},
    number = {6},
    pages = {652--657},
    volume = {46},
    url = {http://aapt.scitation.org/doi/10.1119/1.11224},
    isbn = {0002-9505},
    doi = {10.1119/1.11224},
    issn = {0002-9505}
}

@article{Nitta,
    title = {{Th e M a n g a G u i de to ™}},
    author = {Nitta, Hideo and Yamamoto, Masafumi and Takatsu, Keita}
}

@article{Eyal2015,
    title = {{The anisotropic network model web server at 2015 (ANM 2.0)}},
    year = {2015},
    journal = {Bioinformatics},
    author = {Eyal, Eran and Lum, Gengkon and Bahar, Ivet},
    number = {9},
    pages = {1487--1489},
    volume = {31},
    doi = {10.1093/bioinformatics/btu847},
    issn = {14602059},
    pmid = {25568280}
}

@book{Injury,
    title = {{The Back, Vertebral Column, and Spinal Cord}},
    year = {2007},
    booktitle = {Gu{\'{i}}a de Actuaci{\'{o}}n de Enfermer{\'{i}}a: Manual de Procedimientos Generales},
    author = {{นคเรศ รังควัต.} and Injury, Crush Chest and Injury, Crush Chest and Injury, Eye and Convulsions, Febrile and Injuries, Head and Attack, Heart and Exhaustion, Heat and Stroke, Heat and Bleeding, Internal and Position, Recovery and Injury, Spinal and Ballesta L{\'{o}}pez, Francisco Javier and Blanes Compa{\~{n}}, Francisco Vicente and Castells Molina, Miguel and Domingo Pozo, Manuela and Fern{\'{a}}ndez Molina, Miguel Ángel and G{\'{o}}mez Robles, Francisco Javier and Izquierdo Garc{\'{i}}a, Nieves and Mart{\'{i}}n Garc{\'{i}}a, Mª Dolores and Pay{\'{a}} P{\'{e}}rez, Belén and P{\'{e}}rez V{\'{a}}zquez, Bienvenida and Sastre Quintano, Alicia and Segura Cuenca, Mercedes and Torres Figueiras, María and {Carmine D Clemente}},
    pages = {369--408},
    isbn = {978-1-58255-889-9},
    issn = {1098-6596},
    pmid = {25246403},
    arxivId = {arXiv:1011.1669v3}
}

@article{Smith1996,
    title = {{The concept of a random coil. Residual structure in peptides and denatured proteins.}},
    year = {1996},
    journal = {Folding {\&} design},
    author = {Smith, L J and Fiebig, K M and Schwalbe, H and Dobson, C M},
    number = {5},
    pages = {R95-R106},
    volume = {1},
    isbn = {1359-0278},
    doi = {10.1016/S1359-0278(96)00046-6},
    issn = {13590278},
    pmid = {9080177}
}

@article{Weng2008,
    title = {{The conformational coupling and translocation mechanism of vitamin B 12 ATP-binding cassette transporter BtuCD}},
    year = {2008},
    journal = {Biophysical Journal},
    author = {Weng, Jingwei and Ma, Jianpeng and Fan, Kangnian and Wang, Wenning},
    number = {2},
    pages = {612--621},
    volume = {94},
    doi = {10.1529/biophysj.107.110734},
    issn = {00063495}
}

@article{Faham2008,
    title = {{The crystal structure of a sodium galactose transporter reveals mechanistic insights into Na+/sugar symport}},
    year = {2008},
    journal = {Science (New York, N.Y.)},
    author = {Faham, Salem and Watanabe, Akira and Besserer, Gabriel Mercado and Cascio, Duilio and Specht, Alexandre and Hirayama, Bruce A and Wright, Ernest M and Abramson, Jeff},
    number = {5890},
    pages = {810--814},
    volume = {321},
    url = {http://www.ncbi.nlm.nih.gov/pubmed/18599740},
    isbn = {1095-9203 (Electronic)},
    doi = {10.1126/science.1160406},
    issn = {1095-9203},
    pmid = {18599740},
    arxivId = {NIHMS150003}
}

@article{Rader2006,
    title = {{The Gaussian Network Model: theory and applications}},
    year = {2006},
    journal = {Normal Mode Analysis - theory and applications to biological and chemical systems},
    author = {Rader, A J and Chennubhotla, Chakra and Yang, Lee-Wei and Bahar, Ivet},
    number = {20},
    pages = {41--64},
    volume = {10},
    isbn = {158488472X},
    keywords = {analysis, coarse, grained, mode, models, normal}
}

@article{Watanabe2010,
    title = {{The mechanism of sodium and substrate release from the binding pocket of vSGLT.}},
    year = {2010},
    journal = {Nature},
    author = {Watanabe, Akira and Choe, Seungho and Chaptal, Vincent and Rosenberg, John M and Wright, Ernest M and Grabe, Michael and Abramson, Jeff},
    number = {7326},
    pages = {988--91},
    volume = {468},
    publisher = {Nature Publishing Group},
    url = {http://www.pubmedcentral.nih.gov/articlerender.fcgi?artid=3736980&tool=pmcentrez&rendertype=abstract},
    isbn = {1476-4687 (Electronic){\textbackslash}n0028-0836 (Linking)},
    doi = {10.1038/nature09580},
    issn = {1476-4687},
    pmid = {21131949},
    keywords = {Allosteric Regulation, Binding Sites, Biological Transport, Crystallography, X-Ray, Galactose, Galactose: metabolism, Models, Molecular, Molecular Dynamics Simulation, Protein Conformation, Sodium, Sodium: metabolism, Symporters, Symporters: chemistry, Symporters: metabolism, Vibrio parahaemolyticus, Vibrio parahaemolyticus: chemistry}
}

@unpublished{PyMOL,
    title = {{The PyMOL Molecular Graphics System, Version 1.7.2.1}},
    year = {2015},
    author = {Schr{\"{o}}dinger, LLC}
}

@article{Erokhova2016,
    title = {{The sodium glucose cotransporter SGLT1 is an extremely efficient facilitator of passive water transport}},
    year = {2016},
    journal = {Journal of Biological Chemistry},
    author = {Erokhova, Liudmila and Horner, Andreas and Ollinger, Nicole and Siligan, Christine and Pohl, Peter},
    number = {18},
    pages = {9712--9720},
    volume = {291},
    url = {http://www.jbc.org/lookup/doi/10.1074/jbc.M115.706986},
    doi = {10.1074/jbc.M115.706986},
    issn = {1083351X},
    pmid = {26945065}
}

@article{Zomot1,
    title = {{The sodium/galactose symporter crystal structure is a dynamic, not so occluded state}},
    year = {2010},
    author = {Zomot, Elia and Bahar, Ivet},
    number = {r},
    pages = {f},
    volume = {r},
    isbn = {g},
    doi = {10.1039/b927492h},
    issn = {h},
    arxivId = {h}
}

@article{Darrouzet2014,
    title = {{The sodium/iodide symporter: State of the art of its molecular characterization}},
    year = {2014},
    journal = {Biochimica et Biophysica Acta - Biomembranes},
    author = {Darrouzet, Elisabeth and Lindenthal, Sabine and Marcellin, Didier and Pellequer, Jean Luc and Pourcher, Thierry},
    number = {1 PARTB},
    pages = {244--253},
    volume = {1838},
    isbn = {0006-3002 (Print){\textbackslash}r0006-3002 (Linking)},
    doi = {10.1016/j.bbamem.2013.08.013},
    issn = {00052736},
    pmid = {23988430},
    keywords = {Membrane protein, NIS, SLC5A5, Sodium/iodide symporter, Structure/function relationship, Thyroid}
}

@misc{SaierJr.,
    title = {{The Solute:Sodium Symporter (SSS) Family}},
    author = {Saier Jr., Milton H.},
    url = {http://www.tcdb.org/search/result.php?tc=2.A.21}
}

@book{Heimburg,
    title = {{Thermal Biophysics of Membranes}},
    year = {2007},
    author = {Heimburg, Thomas},
    pages = {363},
    publisher = {Wiley-VCH Verlag GmbH {\&} Co.KGaA},
    address = {Copenhagen},
    isbn = {9783527404711}
}

@book{Variable,
    title = {{Una variable}},
    author = {Variable, U N A},
    isbn = {9786073201643}
}

@article{Escuela2010,
    title = {{Universidad nacional abierta y a distancia}},
    year = {2010},
    author = {Escuela, Unad},
    pages = {1--148}
}

@article{Choe2010,
    title = {{Water permeation through the sodium-dependent galactose cotransporter vSGLT}},
    year = {2010},
    journal = {Biophysical Journal},
    author = {Choe, Seungho and Rosenberg, John M. and Abramson, Jeff and Wright, Ernest M. and Grabe, Michael},
    number = {7},
    pages = {L56-L58},
    volume = {99},
    publisher = {Biophysical Society},
    url = {http://dx.doi.org/10.1016/j.bpj.2010.08.055},
    isbn = {1542-0086 (Electronic){\textbackslash}r0006-3495 (Linking)},
    doi = {10.1016/j.bpj.2010.08.055},
    issn = {00063495},
    pmid = {20923633}
}

@article{2A,
    title = {{a}},
    year = {2},
    journal = {e},
    number = {d},
    pages = {f},
    volume = {e},
    isbn = {f},
    doi = {y},
    issn = {x},
    pmid = {d},
    arxivId = {r}
}

@article{1A,
    title = {{a}},
    year = {1},
    number = {r},
    pages = {f},
    volume = {r},
    isbn = {g},
    doi = {h},
    issn = {h},
    pmid = {g},
    arxivId = {h}
}

@article{9A,
    title = {{a}},
    year = {9},
    journal = {g},
    number = {},
    pages = {g},
    volume = {fr}
}

@article{5A,
    title = {{a}},
    year = {5},
    journal = {r},
    number = {f},
    pages = {f},
    volume = {},
    isbn = {f},
    doi = {h},
    issn = {f},
    pmid = {g},
    arxivId = {r}
}

@misc{Orent2006AMagazine,
    title = {{A Brief History of Staph | Proto Magazine}},
    year = {2006},
    author = {Orent, Wendy},
    url = {http://protomag.com/articles/a-brief-history-of-staph}
}

@article{0AdderBacteria,
    title = {{Adder and a coarse-grained approach to cell size homeostasis in bacteria}},
    year = {0},
    number = {},
    pages = {},
    volume = {}
}

@article{MatemAmortizacionProyectos,
    title = {{Amortizaci{\'{o}}n y Evaluaci{\'{o}}n de Proyectos}},
    author = {Matem, Curso},
    pages = {1--3}
}

@book{Perkin2000AnSpectroscopy,
    title = {{An Introduction to Fluorescence Spectroscopy}},
    year = {2000},
    author = {Perkin, Elmer},
    publisher = {PerkinElmer Ltd}
}

@misc{AnalisisKemmerly.pdf,
    title = {{Analisis de Circuitos en Ingenieria 7ma Edicion Hayt {\&} Kemmerly.pdf}}
}

@misc{FinchJanetAnalyticalPress.pdf,
    title = {{Analytical Mechanics, Hand and Finch - Cambridge University Press.pdf}},
    author = {Finch Janet, Louis Hand}
}

@article{Eyal2006AnisotropicInterface,
    title = {{Anisotropic network model: Systematic evaluation and a new web interface}},
    year = {2006},
    journal = {Bioinformatics},
    author = {Eyal, Eran and Yang, Lee Wei and Bahar, Ivet},
    isbn = {1367-4803},
    doi = {10.1093/bioinformatics/btl448},
    issn = {13674803},
    pmid = {16928735}
}

@article{0AntimicrobialPeptides,
    title = {{Antimicrobial Peptides}},
    year = {0},
    number = {},
    pages = {},
    volume = {}
}

@article{Erick2017AnEcula,
    title = {{An´ alisis de Modos Normales en una Biomol´ ecula}},
    year = {2017},
    author = {Erick, John and Ramirez, Cabrera}
}

@misc{Sohlenkamp2015BacterialPathways,
    title = {{Bacterial membrane lipids: Diversity in structures and pathways}},
    year = {2015},
    booktitle = {FEMS Microbiology Reviews},
    author = {Sohlenkamp, Christian and Geiger, Otto},
    number = {1},
    month = {9},
    pages = {133--159},
    volume = {40},
    publisher = {Oxford University Press},
    doi = {10.1093/femsre/fuv008},
    issn = {15746976},
    keywords = {Cardiolipin, Hopanoids, Ornithine lipid, Phosphatidylcholine, Phosphatidylethanolamine, Phosphatidylinositol, Phospholipid}
}

@article{0Biologia,
    title = {{Biolog{\'{i}}a}},
    year = {0},
    number = {},
    pages = {},
    volume = {}
}

@article{0Biologiab,
    title = {{Biolog{\'{i}}a}},
    year = {0},
    number = {},
    pages = {},
    volume = {}
}

@misc{CALCULUS-V1-TomApostol.pdf,
    title = {{CALCULUS-V1-Tom M. Apostol.pdf}}
}

@article{0Cell-SizeBacteria,
    title = {{Cell-Size Control and Homeostasis in Bacteria}},
    year = {0},
    number = {},
    pages = {},
    volume = {}
}

@article{0CGInterface,
    title = {{CG Description Sketch CA iMODS quick reference – Basic NMA interface}},
    year = {0},
    number = {},
    pages = {},
    volume = {}
}

@article{0CGInterfaceb,
    title = {{CG Description Sketch CA iMODS quick reference – Basic NMA interface}},
    year = {0},
    number = {},
    pages = {},
    volume = {}
}

@misc{Bahar2005Coarse-grainedBiology,
    title = {{Coarse-grained normal mode analysis in structural biology}},
    year = {2005},
    booktitle = {Current Opinion in Structural Biology},
    author = {Bahar, Ivet and Rader, A. J.},
    isbn = {0959-440X},
    doi = {10.1016/j.sbi.2005.08.007},
    issn = {0959440X},
    pmid = {16143512},
    arxivId = {NIHMS150003}
}

@article{BreakConferenciasTrabajos,
    title = {{Conferencias y presentaciones de trabajos}},
    author = {Break, Coffee},
    pages = {30--31}
}

@misc{CHEMDRUGDMPGDimyristoylphosphatidylglycerol,
    title = {{DMPG ,Dimyristoylphosphatidylglycerol}},
    author = {{CHEMDRUG}},
    url = {https://www.chemdrug.com/article/10/2656/13275702.html}
}

@article{DobleRendija1,
    title = {{doble rendija(1)}}
}

@article{9E,
    title = {{e}},
    year = {9},
    journal = {j},
    number = {j},
    pages = {j},
    volume = {j},
    isbn = {j},
    doi = {h},
    issn = {j},
    pmid = {j},
    arxivId = {j}
}

@article{5Electricidad,
    title = {{electricidad}},
    year = {5},
    journal = {a},
    number = {d},
    pages = {x},
    volume = {1x},
    isbn = {d},
    doi = {d},
    issn = {z},
    pmid = {s},
    arxivId = {d}
}

@article{0ErrorAnalysis,
    title = {{Error Analysis}},
    year = {0},
    number = {},
    pages = {},
    volume = {}
}

@misc{Dahl2008File:Gram-,
    title = {{File:Gram negative cell wall cs.svg -}},
    year = {2008},
    booktitle = {Wikimedia Commons},
    author = {Dahl, Jeff},
    url = {https://commons.wikimedia.org/w/index.php?curid=5315477}
}

@article{ImportedHttp://hexamob.com/how-to-root/android-rooting-method-root-genius/,
    title = {{Imported from http://hexamob.com/how-to-root/android-rooting-method-root-genius/}},
    url = {http://hexamob.com/how-to-root/android-rooting-method-root-genius/}
}

@misc{KEGGC16148,
    title = {{KEGG COMPOUND: C16148}},
    url = {https://www.genome.jp/dbget-bin/www_bget?cpd_ja:C16148}
}

@article{MatemLasFinanzas,
    title = {{Las Finanzas}},
    author = {Matem, Curso}
}

@article{Veenstra2004LocalCotransporter.,
    title = {{Local conformational changes in the Vibrio Na+/galactose cotransporter.}},
    year = {2004},
    journal = {Biochemistry},
    author = {Veenstra, Marloes and Lanza, Seren and Hirayama, Bruce A and Turk, Eric and Wright, Ernest M},
    number = {12},
    month = {3},
    pages = {3620--7},
    volume = {43},
    url = {http://www.ncbi.nlm.nih.gov/pubmed/15035632},
    doi = {10.1021/bi0357210},
    issn = {0006-2960},
    pmid = {15035632}
}

@techreport{0MagneticSystems,
    title = {{Magnetic Systems}},
    year = {0},
    number = {},
    pages = {},
    volume = {}
}

@misc{MarsdenC.pdf,
    title = {{MarsdenC.pdf}}
}

@article{0Matematicas,
    title = {{matematicas}},
    year = {0},
    number = {},
    pages = {},
    volume = {}
}

@article{0Matematicasb,
    title = {{matematicas}},
    year = {0},
    number = {},
    pages = {},
    volume = {}
}

@article{Matematicas2,
    title = {{Matem{\'{a}}ticas Financieras M{\'{o}}dulo 2 Amortizaci{\'{o}}n y evaluaci{\'{o}}n de proyectos LECTURA 2}}
}

@article{MatematicasFinanzas,
    title = {{Matem{\'{a}}ticas Financieras Tema 1 Lectura 2: Finanzas}}
}

@article{MatematicasInteres,
    title = {{Matem{\'{a}}ticas Financieras Tema 2 Lectura 2: Tasas de inter{\'{e}}s}}
}

@book{0MatematicasEconomia,
    title = {{Matem{\'{a}}ticas para Administraci{\'{o}}n y Econom{\'{i}}a}},
    year = {0},
    number = {},
    pages = {},
    volume = {}
}

@book{0MayematicasFinancieras,
    title = {{Mayem{\'{a}}ticas financieras}},
    year = {0},
    number = {},
    pages = {},
    volume = {}
}

@book{MeasurementsAnalysis,
    title = {{Measurements and their Uncertainties: A practical guide to modern error analysis}}
}

@misc{MeliaF,
    title = {{Melia F}}
}

@misc{MeliaChicago.pdf,
    title = {{Melia F. - Electrodynamics (2001{\_} Univ. Chicago).pdf}}
}

@misc{UPV2017MetodoX,
    title = {{M{\'{e}}todo Operativo. Difract{\'{o}}metro de Rayos X}},
    year = {2017},
    author = {{UPV}},
    url = {https://www.upv.es/materiales/Fcm/Fcm03/pfcm3_4_1.html}
}

@book{VainshteinModernCrystallography,
    title = {{Modern Crystallography 1: Fundamentals of Crystals. Symmetry, and Methods of Structural Crystallography,}},
    author = {Vainshtein, Boris K.},
    editor = {{Springer}},
    edition = {2nd},
    volume = {1}
}

@article{0NoTitle,
    title = {{No Title}},
    year = {0},
    number = {},
    pages = {},
    volume = {}
}

@article{1NoTitle,
    title = {{No Title}},
    year = {1},
    journal = {a},
    number = {q},
    pages = {q},
    volume = {},
    isbn = {r},
    doi = {e},
    issn = {t},
    pmid = {u},
    arxivId = {w}
}

@article{NoTitle,
    title = {{No Title}},
    pages = {1--6}
}

@article{Bahar2010NormalProteins,
    title = {{Normal mode analysis of biomolecular structures: Functional mechanisms of membrane proteins}},
    year = {2010},
    journal = {Chemical Reviews},
    author = {Bahar, Ivet and Lezon, Timothy R. and Bakan, Ahmet and Shrivastava, Indira H.},
    doi = {10.1021/cr900095e},
    issn = {00092665},
    pmid = {19785456}
}

@article{Lomize2012OPMMembranes,
    title = {{OPM database and PPM web server: resources for positioning of proteins in membranes}},
    year = {2012},
    author = {Lomize, Mikhail A and Pogozheva, Irina D and Joo, Hyeon and Mosberg, Henry I and Lomize, Andrei L},
    number = {September 2011},
    pages = {370--376},
    volume = {40},
    doi = {10.1093/nar/gkr703}
}

@article{Takakuwa2013OptimizingOscillation,
    title = {{Optimizing the Conditions for Residual Stress Measurement Using a Two-Dimensional XRD Method with Specimen Oscillation}},
    year = {2013},
    journal = {Advances in Materials Physics and Chemistry},
    author = {Takakuwa, Osamu and Soyama, Hitoshi},
    number = {01},
    pages = {8--18},
    volume = {03},
    publisher = {Scientific Research Publishing},
    url = {http://www.scirp.org/journal/PaperDownload.aspx?DOI=10.4236/ampc.2013.31A002},
    doi = {10.4236/ampc.2013.31A002},
    issn = {2162-531X}
}

@article{Marshall1981PigmentsCarotenoids,
    title = {{Pigments of Staphylococcus aureus, a series of triterpenoid carotenoids}},
    year = {1981},
    journal = {Journal of Bacteriology},
    author = {Marshall, J. H. and Wilmoth, G. J.},
    number = {3},
    pages = {900--913},
    volume = {147},
    issn = {00219193}
}

@article{PracticasPARTE,
    title = {{Pr{\'{a}}cticas de Laboratorio sugeridas para el curso de FLUIDOS Y ELECTROMAGNETISMO PARA BIOCIENCIAS 0 PAUTAS Y SUGERENCIAS PARA LA REDACCI{\'{O}}N DE INFORMES 1 PRACTICA DE LABORATORIO 1: MEDICION PRIMERA PARTE}},
    number = {},
    pages = {},
    volume = {}
}

@article{PresentacionProyecto,
    title = {{Presentaci{\'{o}}n proyecto}}
}

@book{Spiegel2009ProbabilityStatistics,
    title = {{Probability and statistics}},
    year = {2009},
    author = {Spiegel, Murray R. and Schiller, John J. and Srinivasan, R. Alu.},
    pages = {424},
    publisher = {McGraw-Hill},
    isbn = {9780071544269}
}

@article{0Program,
    title = {{program}},
    year = {0},
    number = {},
    pages = {},
    volume = {}
}

@book{EthanProofFundamentals,
    title = {{Proof and Fundamentals}},
    author = {Ethan, Bloch},
    isbn = {9781441971265}
}

@article{0Ptos,
    title = {{ptos}},
    year = {0},
    number = {},
    pages = {},
    volume = {}
}

@misc{HaneyCar2005PublicAureus,
    title = {{Public Health Image Library (PHIL): Staphylococcus aureus}},
    year = {2005},
    author = {Haney Car, Janice},
    url = {https://phil.cdc.gov/Details.aspx?pid=7821}
}

@article{0Quimica,
    title = {{quimica}},
    year = {0},
    number = {},
    pages = {},
    volume = {}
}

@article{Phillips2005ScalableNAMD,
    title = {{Scalable molecular dynamics with NAMD}},
    year = {2005},
    journal = {Journal of Computational Chemistry},
    author = {Phillips, James C. and Braun, Rosemary and Wang, Wei and Gumbart, James and Tajkhorshid, Emad and Villa, Elizabeth and Chipot, Christophe and Skeel, Robert D. and Kal{\'{e}}, Laxmikant and Schulten, Klaus},
    number = {16},
    month = {12},
    pages = {1781--1802},
    volume = {26},
    publisher = {Wiley Subscription Services, Inc., A Wiley Company},
    url = {http://doi.wiley.com/10.1002/jcc.20289},
    doi = {10.1002/jcc.20289},
    issn = {0192-8651},
    keywords = {biomolecular simulation, molecular dynamics, parallel computing}
}

@article{StructuralBonding,
    title = {{Structural Biochemistry/Organic Chemistry/Important Organic Reactions in Biochemistry/Peptide Bonding}}
}

@article{Faham2008SupportingSymport,
    title = {{Supporting Online Material for The Crystal Structure of a Sodium Galactose Transporter Reveals Mechanistic Insights into Na + /Sugar Symport}},
    year = {2008},
    author = {Faham, Salem and Watanabe, Akira and Besserer, Gabriel Mercado and Cascio, Duilio and Specht, Alexandre and Hirayama, Bruce A and Wright, Ernest M and Abramson, Jeff},
    url = {www.sciencemag.org/cgi/content/full/1160406/DC1},
    doi = {10.1126/science.1160406}
}

@article{0Taller2.2,
    title = {{taller2.2}},
    year = {0},
    number = {},
    pages = {},
    volume = {}
}

@article{MatemTasas2,
    title = {{Tasas de Inter{\'{e}}s Tema 2}},
    author = {Matem, Curso}
}

@article{Texto1,
    title = {{Texto1}}
}

@article{Ocampo2010TheAureus,
    title = {{The antibacterial activity of phospholipase A2 type IIA is regulated by the cooperative lipid chain melting behavior in Staphylococcus aureus}},
    year = {2010},
    journal = {BBA - Biomembranes},
    author = {Ocampo, Jackson and Afanador, Nicolas and Vives, Martha J and Moreno, Juan C and Leidy, Chad},
    number = {6},
    pages = {1021--1028},
    volume = {1798},
    publisher = {Elsevier B.V.},
    url = {http://dx.doi.org/10.1016/j.bbamem.2009.11.017},
    doi = {10.1016/j.bbamem.2009.11.017},
    issn = {0005-2736},
    keywords = {staphylococcus aureus}
}

@misc{Stote1999TheorySimulations,
    title = {{Theory of Molecular Dynamics Simulations}},
    year = {1999},
    author = {Stote, Roland and Dejaegere, Annick and Kuznetsov, Dmitry and Falquet, Laurent},
    url = {http://www.ch.embnet.org/MD_tutorial/pages/MD.Part1.html}
}

@book{EdiciUE,
    title = {{U n a va r i a b l e}},
    author = {Edici, Cima},
    isbn = {9702606438}
}

@misc{Suesca2019UAEquipment,
    title = {{UA Biophysics: Equipment}},
    year = {2019},
    author = {Suesca, Elizabeth},
    url = {https://openwetware.org/wiki/UA_Biophysics:Equipment}
}

@article{Perez-LopezVariationsProperties,
    title = {{Variations in carotenoid content and acyl chain composition in exponential, stationary and biofilm states of Staphylococcus aureus, and their influence on membrane biophysical properties}},
    author = {Perez-Lopez, Maria Isabel and Mendez-Reina, Rudy and Trier, Steve and Herrfurth, Cornelia and Feussner, Ivo and Bernal, Adriana and Forero-Shelton, Manu and Leidy, Chad}
}

@misc{Murphy2019WhatmanSciences,
    title = {{Whatman Lab Filtration Products – Analytical sample preparation - GE Healthcare Life Sciences}},
    year = {2019},
    author = {Murphy, Kieran and Patolawala, Monish},
    url = {https://www.gelifesciences.com/en/mx/shop/whatman-laboratory-filtration}
}

@misc{Harald_J._W._Muller-Kirsten_A._Wiedemann_Supersb-ok.xyz.pdf,
    title = {{[Harald{\_}J.{\_}W.{\_}Muller-Kirsten,{\_}A.{\_}Wiedemann]{\_}Supers(b-ok.xyz).pdf}}
}

@article{2017Y,
    title = {{{\textbackslash} y {\textbackslash} z b. x {\textbackslash} y}},
    year = {2017},
    pages = {1--4}
}